@ARTICLE{AntonovErmakov_RandomCubaturesQMC,
  author = {Antonov, A.A. and Ermakov, S.M.},
  title = {Random cubatures and quasi-Monte Carlo methods},
  journal = {Monte Carlo Methods and Applications},
  pages = {179--187},
  volume = {21},
  number = {3},
  year = {2015},
  language = {english}, 
  doi = {10.1515/mcma-2015-0102}
} 
